<record><leader>00000cas a2200000 a 4500</leader><controlfield tag="001">8264461</controlfield><controlfield tag="008">820323c19699999scudr ne      0   a0eng d</controlfield><datafield ind1=" " ind2=" " tag="010"><subfield code="a">sn 87000467 </subfield></datafield><datafield ind1=" " ind2=" " tag="040"><subfield code="a">TST</subfield><subfield code="b">eng</subfield><subfield code="c">TST</subfield><subfield code="d">NSD</subfield><subfield code="d">SVN</subfield><subfield code="d">OCL</subfield><subfield code="d">OCLCQ</subfield><subfield code="d">SXC</subfield><subfield code="d">OCLCF</subfield><subfield code="d">OCLCO</subfield></datafield><datafield ind1=" " ind2=" " tag="012"><subfield code="m">1</subfield></datafield><datafield ind1="1" ind2=" " tag="022"><subfield code="a">0893-2557</subfield><subfield code="l">0893-2557</subfield><subfield code="2">1</subfield></datafield><datafield ind1="1" ind2=" " tag="029"><subfield code="a">AU@</subfield><subfield code="b">000020459638</subfield></datafield><datafield ind1=" " ind2=" " tag="032"><subfield code="a">010020</subfield><subfield code="b">USPS</subfield></datafield><datafield ind1=" " ind2=" " tag="042"><subfield code="a">nsdp</subfield></datafield><datafield ind1="0" ind2=" " tag="130"><subfield code="a">Aiken standard (Aiken, S.C. : 1969)</subfield></datafield><datafield ind1=" " ind2="0" tag="222"><subfield code="a">Aiken standard.</subfield></datafield><datafield ind1="0" ind2="0" tag="245"><subfield code="a">Aiken standard.</subfield></datafield><datafield ind1=" " ind2=" " tag="260"><subfield code="a">Aiken, S.C. :</subfield><subfield code="b">Aiken Standard</subfield></datafield><datafield ind1=" " ind2=" " tag="300"><subfield code="a">v. :</subfield><subfield code="b">ill. ;</subfield><subfield code="c">58 cm.</subfield></datafield><datafield ind1=" " ind2=" " tag="310"><subfield code="a">Daily</subfield><subfield code="b">Oct. 6, 1985-</subfield></datafield><datafield ind1=" " ind2=" " tag="321"><subfield code="a">Daily (except Sun.),</subfield><subfield code="b">Dec. 15, 1969 - Oct. 5, 1985</subfield></datafield><datafield ind1="0" ind2=" " tag="362"><subfield code="a">Vol. 102, no. 246 (Dec. 15, 1969)-</subfield></datafield><datafield ind1=" " ind2="4" tag="651"><subfield code="a">Aiken County (S.C.)</subfield><subfield code="v">Newspapers.</subfield></datafield><datafield ind1=" " ind2="0" tag="651"><subfield code="a">Aiken County (S.C.)</subfield><subfield code="x">Newspapers.</subfield></datafield><datafield ind1=" " ind2="7" tag="655"><subfield code="a">Newspapers.</subfield><subfield code="2">fast</subfield><subfield code="0">(OCoLC)fst01423814</subfield></datafield><datafield ind1=" " ind2="7" tag="651"><subfield code="a">South Carolina</subfield><subfield code="z">Aiken County.</subfield><subfield code="2">fast</subfield><subfield code="0">(OCoLC)fst01208635</subfield></datafield><datafield ind1=" " ind2=" " tag="752"><subfield code="a">United States</subfield><subfield code="b">South Carolina</subfield><subfield code="c">Aiken</subfield><subfield code="d">Aiken.</subfield></datafield><datafield ind1="0" ind2="0" tag="780"><subfield code="t">Aiken standard and review (Aiken, S.C. : 1935)</subfield><subfield code="w">(DLC)sn 93067664</subfield></datafield><datafield ind1=" " ind2=" " tag="936"><subfield code="a">Vol. 120, no. 23 (Tuesday, Feb. 3, 1987) LIC</subfield></datafield></record>